% Software

@software{dramsch2019complexcode, 
    title     = {Complex-Valued Neural Networks in Keras with Tensorflow}, 
    url       = {https://github.com/JesperDramsch/keras-complex}, 
    DOI       = {10.6084/m9.figshare.9783773}, 
    publisher = {figshare}, 
    author    = {Dramsch, Jesper and Contributors}, 
    author+an = {1=highlight},
    note={Open-Source Software},
    year      = {2019},
    keywords = {other,meins,code,package}
}


@misc{awesomegeoscience, 
    title     = {Awesome Open Geoscience}, 
    url       = {https://github.com/softwareunderground/awesome-open-geoscience}, 
    publisher = {Software Underground}, 
    author    = {Dramsch, Jesper and Contributors}, 
    author+an = {1=highlight},
    note      = {Maintainer},
    year      = {2018},
    keywords  = {other,meins,code}
}

% Reproducible Code

% @software{dramsch201code,
%   title={Reproducible Code: },
%   author={Dramsch, Jesper},
%   author+an = {1=highlight},
%   publisher = {GitHub},
%   url = {https://github.com/JesperDramsch/},
%   year={201},
%   keywords={other,meins,code,reproducibility}
% }
@misc{dramsch202070yearscode, 
    title={Code for 70 Years of Machine Learning in Geoscience in Review}, 
    DOI={10.6084/m9.figshare.12666140.v1}, 
    author={Dramsch, Jesper},
    author+an = {1=highlight},
    year={2020},
    keywords={other,meins,code,reproducibility}
} 

@software{dramsch2018gaussiancode,
  title={Reproducible Code: Gaussian Mixture Models For Robust Unsupervised Scanning-Electron Microscopy Image Segmentation Of North Sea Chalk},
  author={Dramsch, Jesper},
  author+an = {1=highlight},
  publisher = {GitHub},
  url = {https://github.com/JesperDramsch/backscatter-sem-segmentation},
  year={2018},
  keywords={other,meins,code,reproducibility}
}

@software{dramsch2019complexreprocode,
  title={Reproducible Code: Complex-valued neural networks for machine learning on non-stationary physical data},
  author={Dramsch, Jesper},
  author+an = {1=highlight},
  publisher = {GitHub},
  url = {https://github.com/JesperDramsch/Complex-CNN-Seismic},
  year={2019},
  keywords={other,meins,code,reproducibility}
}

@software{dramsch2018infocode,
  title={Reproducible Code: Information Theory Considerations in Patch-based Training of Deep Neural Networks on Seismic Time-Series.},
  author={Dramsch, Jesper},
  author+an = {1=highlight},
  publisher = {GitHub},
  url = {https://github.com/JesperDramsch/windowing-seismic-for-deep-learning},
  year={2018},
  keywords={other,meins,code,reproducibility}
}

@software{dramsch2018deepcode,
  author = {Dramsch, Jesper},
  author+an = {1=highlight},
  title = {Reproducible Code: Deep-learning seismic facies on state-of-the-art CNN architectures.},
  url = {https://github.com/JesperDramsch/seismic-transfer-learning},
  doi={10.6084/m9.figshare.7227545},
  date = {2018-12-15},
  keywords = {other,meins,code,reproducibility}
}

@software{dramsch2019inversioncode,
  title={Reproducible Code: Deep Learning Application for 4D Pressure Saturation Inversion Compared to Bayesian Inversion on North Sea Data.},
  author={Dramsch, Jesper},
  author+an = {1=highlight},
  publisher = {GitHub},
  url = {https://github.com/JesperDramsch/4D-seismic-neural-inversion},
  year={2019},
  keywords={other,meins,code,reproducibility}
}

% @software{dramsch2020dtwcode,
%   author = {Dramsch, Jesper},
%   author+an = {1=highlight},
%   title = {Reproducible Code: Dynamic Timewarping Tutorial -- Geophysics},
%   url = {https://github.com/JesperDramsch/dtw-tutorial},
%   year = {2020},
%   keywords = {other,meins,code,reproducibility}
% }

@software{dramsch20203dwarpingcode,
  author = {Dramsch, Jesper},
  author+an = {1=highlight},
  title = {Reproducible Code: Deep Unsupervised 4D Seismic 3D Time-Shift Estimation with Convolutional Neural Networks},
  url = {https://github.com/JesperDramsch/voxelmorph-seismic},
  year = {2019},
  keywords = {other,meins,code,reproducibility}
}

