@inproceedings{corte2020deepb,
  title={Deep Neural Network Application for 4D Seismic Inversion to Pressure and Saturation: Enhancing Training Data Sets},
  author={Corte, G and Dramsch, Jesper and MacBeth, C and Amini, H},
  booktitle={82nd EAGE Annual Conference \& Exhibition},
  author+an = {2=highlight},
  volume={2020},
  number={1},
  pages={1--5},
  year={2020},
  organization={European Association of Geoscientists \& Engineers},
  note={\underline{Published}},
  keywords={meins}
}

@incollection{dramsch202070years,
  author      = {Dramsch, Jesper},
  title       = {70 years of machine learning in geoscience in review},
  editor      = {Moseley, Benjamin and Krischer, Lion},
  booktitle   = {Advances in Geophysics},
  publisher   = {Academic Press},
  ISBN        = {9780128216699},
  year        = 2020,
  month       = 9,
  chapter     = 4,
  author+an = {1=highlight},
  note={\underline{Published}, \underline{Peer-Reviewed}, \underline{\cref{sec:mlgeotheory}}},
  keywords={meins,included}
}

@article{corte2020deepa,
  title={Deep neural network application for 4D seismic inversion to changes in pressure and saturation: Optimizing the use of synthetic training datasets},
  author={C{\^o}rte, Gustavo and Dramsch, Jesper and Amini, Hamed and MacBeth, Colin},
  journal={Geophysical Prospecting},
  author+an = {2=highlight},
  volume={68},
  number={7},
  pages={2164--2185},
  year={2020},
  publisher={European Association of Geoscientists \& Engineers},
  note={\underline{Published}, \underline{\cref{app:inversion}}},
  keywords={meins}
}

@article{dramsch20193dwarping,
  title={Deep Unsupervised 4D Seismic 3D Time-Shift Estimation with Convolutional Neural Networks},
  author={Dramsch, Jesper and Christensen, Anders Nymark and MacBeth, Colin and L{\"u}thje, Mikael},
  author+an = {1=highlight},
  year={2019},
  journal={IEEE Transactions in Geoscience and Remote Sensing},
  note={\underline{In Review}, \underline{\cref{sec:timeshift}}},
  keywords={meins,included}
}

% @article{dramsch2019dtw,
%   title={Let's do the Time Warp again! -- Revisiting Dynamic Time Warping -- A practical tutorial in Python on North Sea field data},
%   author={Dramsch, Jesper and Christensen, Anders Nymark and L{\"u}thje, Mikael},
%   author+an = {1=highlight},
%   journal={Geophysics},
%   year={2019},
%   note={\underline{In Review}, \underline{\cref{sec:dtw}}},
%   keywords={meins,included}
% }

@article{aabo2018integrated,
  title = "An integrated workflow for fracture characterization in chalk reservoirs, applied to the Kraka Field",
  journal = "Marine and Petroleum Geology",
  volume = "112",
  year = "2020",
  issn = "0264-8172",
  doi = "https://doi.org/10.1016/j.marpetgeo.2019.104065",
  url = "http://www.sciencedirect.com/science/article/pii/S026481721930501X",
  author={Aab{\o}, Tala Maria and Dramsch, Jesper and W{\"u}rtzen, Camilla Louise and Seyum, Solomon and Amour, Fr{\'e}d{\'e}ric and Welch, Michael and L{\"u}thje, Mikael},
  author+an = {2=highlight},
  keywords={meins},
  note={\underline{Published}, \underline{\cref{sec:tala}}}
}

@article{dramsch2019complex,
  title={Complex-valued neural networks for machine learning on non-stationary physical data},
  author={Dramsch, Jesper and L{\"u}thje, Mikael and Christensen, Anders Nymark},
  author+an = {1=highlight},
  year={2019},
  journal={Computers \& Geoscience},
  note={\underline{Accepted}, \underline{\cref{sec:complex}}},
  keywords={meins,included}
}

% @article{dramsch2020physics,
%   title={Physics-based deep neural encoders-decoder network for 4D seismic pressure-saturation inversion on North Sea data},
%   author={Dramsch, Jesper and Corte, Gustavo and Amini, Hamed and MacBeth, Colin and L{\"u}thje, Mikael},
%   author+an = {1=highlight},
%   year={2019},
%   month={12},
%   journal={TBD},
%   note={\underline{In Preparation}},
%   keywords={meins}
% }

% Proceedings


@inproceedings{aabo2017correlation,
  title={Correlation of Fractures From Core, Borehole Images and Seismic Data in a Chalk Reservoir in the Danish North Sea},
  author={Aab{\o}, Tala Maria and Dramsch, Jesper and Welch, Michael and L{\"u}thje, Mikael},
  author+an = {2=highlight},
  booktitle={79th EAGE Conference and Exhibition 2017},
  doi = {10.3997/2214-4609.201701283},
  url = {https://doi.org/10.3997/2214-4609.201701283},
  year = 2017,
  month = 6,
  publisher = {{EAGE} Publications {BV}},
  keywords={conference,meins},
  note={\underline{Published}, \underline{\cref{sec:talaEAGE}}}
}

@inproceedings{dramsch2018deep,
  title={Deep-learning seismic facies on state-of-the-art CNN architectures},
  author={Dramsch, Jesper and L{\"u}thje, Mikael},
  author+an = {1=highlight},
  booktitle={SEG Technical Program Expanded Abstracts 2018},
  pages={2036--2040},
  doi = {10.1190/segam2018-2996783.1},
  url = {https://doi.org/10.1190/segam2018-2996783.1},
  year = 2018,
  publisher = {Society of Exploration Geophysicists},
  keywords={conference,meins,presentation,included},
  note={\underline{Published}, \underline{\cref{sec:transfer}}}
}

@inproceedings{mosser2018rapid,
  title={Rapid seismic domain transfer: Seismic velocity inversion and modeling using deep generative neural networks},
  author={Mosser, Lukas and Kimman, Wouter and Dramsch, Jesper and Purves, Steve and De la Fuente Brice{\~n}o, A and Ganssle, Graham},
  author+an = {3=highlight},
  booktitle={80th EAGE Conference and Exhibition 2018},
  publisher = {{EAGE} Publications {BV}},
  doi = {10.3997/2214-4609.201800734},
  url = {https://doi.org/10.3997/2214-4609.201800734},
  year = 2018,
  month = 6,
  keywords={conference,meins,presentation},
  note = {\underline{Published}, \underline{\cref{sec:gan}}}
}

@inproceedings{dramsch2018information,
  title={Information Theory Considerations In Patch-Based Training Of Deep Neural Networks On Seismic Time-Series},
  author={Dramsch, Jesper and L{\"u}thje, Mikael},
  author+an = {1=highlight},
  booktitle={First EAGE/PESGB Workshop Machine Learning},
  publisher = {{EAGE} Publications {BV}},
  doi = {10.3997/2214-4609.201803020},
  url = {https://doi.org/10.3997/2214-4609.201803020},
  publisher = {{EAGE} Publications {BV}},
  year={2018},
  keywords={workshop,meins,poster},
  note = {\underline{Published}, \underline{\cref{sec:info}}}
}

@inproceedings{dramsch2018gaussian,
  title={Gaussian Mixture Models For Robust Unsupervised Scanning-Electron Microscopy Image Segmentation Of North Sea Chalk},
  author={Dramsch, Jesper and Amour, Fr{\'e}d{\'e}ric and L{\"u}thje, Mikael},
  author+an = {1=highlight},
  booktitle={First EAGE/PESGB Workshop Machine Learning},
  publisher = {{EAGE} Publications {BV}},
  url = {https://doi.org/10.3997/2214-4609.201803014},
  doi = {10.3997/2214-4609.201803014},
  year={2018},
  keywords={workshop,meins,presentation,included},
  note = {\underline{Published}, \underline{\cref{sec:gaussian}}}
}

@inproceedings{dramsch2019deep,
  title={Deep Learning Application for 4D Pressure Saturation Inversion Compared to Bayesian Inversion on North Sea Data},
  author={Dramsch, Jesper and Corte, Gustavo and Amini, Hamed and L{\"u}thje, Mikael and MacBeth, Colin},
  author+an = {1=highlight},
  year={2019},
  booktitle={Second EAGE Workshop Practical Reservoir Monitoring 2019},
  publisher = {{EAGE} Publications {BV}},
  keywords={workshop,meins,presentation,included},
  doi={10.3997/2214-4609.201900028},
  note={\underline{Published}, \underline{\cref{sec:inversion}}}
}

@inproceedings{dramsch2019including,
  title={Including Physics in Deep Learning â€“ An Example from 4D Seismic Pressure Saturation Inversion},
  author={Dramsch, Jesper and Corte, Gustavo and Amini, Hamed and MacBeth, Colin and L{\"u}thje, Mikael},
  author+an = {1=highlight},
  year={2019},
  booktitle={81st EAGE Conference and Exhibition 2019 Workshop Programme },
  publisher = {{EAGE} Publications {BV}},
  url={https://doi.org/10.3997/2214-4609.201901967},
  doi={10.3997/2214-4609.201901967},
  keywords={workshop,oral,meins,presentation,included},
  note={\underline{Published}, \underline{\cref{sec:inversion}}}
}

% Preprints


@misc{mosser2018rapidpreprint,
  title={Rapid seismic domain transfer: Seismic velocity inversion and modeling using deep generative neural networks},
  author={Mosser, Lukas and Kimman, Wouter and Dramsch, Jesper and Purves, Steve and De la Fuente, Alfredo and Ganssle, Graham},
  archivePrefix = {arXiv},
  eprint = {1805.08826},
  primaryClass = {geo-ph},
  year={2018},
  keywords={preprint}
}

@misc{dramsch_corte_amini_lthje_macbeth_2019_preprint,
 title={Deep Learning Application for 4D Pressure Saturation Inversion Compared to Bayesian Inversion on North Sea Data},
 url={eartharxiv.org/zytp2},
 DOI={10.31223/osf.io/zytp2},
 archivePrefix={EarthArXiv},
 eprint = {zytp2},
 primaryClass = {Geophysics and Seismology},
 author={Dramsch, Jesper and Corte, Gustavo and Amini, Hamed and L{\"u}thje, Mikael and MacBeth, Colin},
 author+an = {1=highlight},
 year={2019},
 keywords={preprint}
}

