@techreport{aabo2017fracture,
  title={Fracture Characterization and Modelling in the Kraka Field},
  author={Aab{\o}, Tala Maria and Welch, Michael and Dramsch, Jesper and L{\"u}thje, Mikael and Seyum, Solomon and Amour, Fr{\'e}d{\'e}ric and W{\"u}rtzen, Camilla Louise},
  author+an = {3=highlight},
  institution={Danish Hydrocarbon Research and Technology Centre},
  booktitle={Danish Hydrocarbon Research and Technology Centre Technology Conference 2017},
  year={2017},
  keywords={other,meins}
}



@techreport{dramsch2018cats,
  title={Deep Learning: From Cats to 4D Seismic - Reducing cycle time and model training cost in asset management},
  author={Dramsch, Jesper and L{\"u}thje, Mikael},
  author+an = {1=highlight},
  institution={Danish Hydrocarbon Research and Technology Centre},
  booktitle={Danish Hydrocarbon Research and Technology Centre Technology Conference 2018},
  doi={10.6084/m9.figshare.7422629},
  year={2018},
  keywords={other,meins,meeting,poster}
}


@misc{dramsch_christensen_lüthje_2019, 
   title={Physics and Deep Learning - Incorporating prior knowledge in deep neural networks},
   DOI={10.6084/m9.figshare.8217518.v1},
   publisher={DHRTC PhD days}, 
   author={Dramsch, Jesper and Christensen, Anders Nymark and Lüthje, Mikael}, 
   author+an = {1=highlight},
   year={2019}, 
   month={6},
   keywords={meins,meeting,poster,other}
}  

@misc{dramsch_2018_kfold,
  title={KFold in Deep Learning},
  author={Dramsch, Jesper},
  author+an = {1=highlight},
  DOI={10.6084/m9.figshare.7035908},
  publisher={EuroSciPy},
  year={2018},
  note={Lightning Talk -- EuroScipy 2018},
  keywords={meeting,other,meins,presentation}
}

@misc{dramsch_2018_force, 
   title={A practitioner's guide to deep learning in geophysical imaging}, 
   DOI={10.6084/m9.figshare.7170299},
   publisher={FORCE Velocity Modeling Meeting}, 
   author={Dramsch, Jesper}, 
   author+an = {1=highlight},
   year={2018}, 
   month={10},
   howpublished={FORCE Velocity Modeling Meeting}, 
   keywords={invited,presentation,other,meins}
}

@misc{dramsch_2018_eage_1, 
   title={Making sense of AI for a career in a changing industry.}, 
   publisher={EAGE Annual Meeting 2019}, 
   author={Dramsch, Jesper}, 
   author+an = {1=highlight},
   year={2019}, 
   month={6},
   howpublished={EAGE Annual Meeting 2019},
   keywords={invited,presentation,other,meins}
}

@misc{dramsch_2018_eage_electure, 
   title={Cracking Open the Black Box -- Making sense of Machine Learning and Neural Networks}, 
   publisher={EAGE E-Lecture}, 
   author={Dramsch, Jesper}, 
   author+an = {1=highlight},
   year={2019}, 
   month={11},
   howpublished={EAGE E-Lecture},
   url={https://www.youtube.com/watch?v=5oOXTfUZQm0},
   keywords={invited,presentation,other,meins}
}

@misc{dramsch_2018_conoco, 
   title={4D Seismics in Fracture Characterization -- A machine learning perspective}, 
   author={Dramsch, Jesper}, 
   author+an = {1=highlight},
   year={2018}, 
   month={9},
   howpublished={Company Talk - ConocoPhillips},
   keywords={invited,presentation,other,meins}
}

@misc{dramsch_2017_dtu_vision, 
   title={Edge detection in 3D seismic}, 
   author={Dramsch, Jesper}, 
   author+an = {1=highlight},
   year={2017}, 
   month={5},
   howpublished={DTU Vision Day},
   keywords={invited,presentation,other,meins}
}

@misc{dramsch_2017_dhrtc_phd_day, 
   title={Edge detection in 3D seismic data}, 
   author={Dramsch, Jesper}, 
   author+an = {1=highlight},
   year={2017},
   howpublished={DHRTC PhD Day},
   keywords={other,poster,meeting,meins}
}

@misc{dramsch_2019_etlp, 
   title={Deep Learning Application for 4D Pressure Saturation Inversion Compared to Bayesian Inversion on North Sea Data}, 
   author={Dramsch, Jesper and Corte, Gustavo and Amini, Hamed and L{\"u}thje, Mikael and MacBeth, Colin}, 
   author+an = {1=highlight},
   year={2019}, 
   month={5},
   howpublished={ETLP Sponsor Meeting 2019},
   keywords={meeting,presentation,other,meins}
}


@misc{dramsch_2018_etlp_ml_primer, 
   title={A guided discussion on machine learning for 4D QI}, 
   author={MacBeth, Colin and Chassagne, Romain and Dramsch, Jesper}, 
   author+an = {3=highlight},
   year={2018}, 
   month={11},
   howpublished={ETLP Sponsor Meeting 2018},
   keywords={invited,presentation,other,meins}
}


@misc{dramsch_2018_etlp_ws, 
   title={Machine Learning Workshop}, 
   author={Dramsch, Jesper}, 
   author+an = {1=highlight},
   year={2018}, 
   month={7},
   howpublished={Heriot-Watt University, ETLP},
   keywords={invited,presentation,other,meins}
}