@inproceedings{corte2020deepb,
  title="Deep Neural Network Application for 4D Seismic Inversion to Pressure and Saturation: Enhancing Training Data Sets",
  author="Corte, G and Dramsch, Jesper and MacBeth, C and Amini, H",
  booktitle="82nd EAGE Annual Conference and Exhibition",
  volume={2020},
  number={1},
  pages={1--5},
  year={2020}
}
