@article{aabo2018integrated,
  title={An Integrated Approach to Fracture Characterization of the Kraka Field},
  author={Aab{\o}, Tala Maria and \textbf{Dramsch, Jesper S{\"o}ren} and W{\"u}rtzen, Camilla Louise and Seyum, Solomon and Amour, Fr{\'e}d{\'e}ric and Welch, Michael and L{\"u}thje, Mikael},
  year={2018},
  journal={Marine and Petroleum Geology},
  note={submitted},
  keywords={meins}
}

@article{dramsch2019complex,
  title={Complex-valued neural networks for machine learning on non-stationary physical data},
  author={\textbf{Dramsch, Jesper S{\"o}ren} and L{\"u}thje, Mikael and Christensen, Anders Nymark},
  year={2019},
  journal={Digital Image and Signal Processing},
  note={submitted},
  keywords={meins}
}

% Proceedings


@inproceedings{aabo2017correlation,
  title={Correlation of Fractures From Core, Borehole Images and Seismic Data in a Chalk Reservoir in the Danish North Sea},
  author={Aab{\o}, TM and \textbf{Dramsch, Jesper S{\"o}ren} and Welch, MJ and L{\"u}thje, Mikael},
  booktitle={79th EAGE Conference and Exhibition 2017},
  doi = {10.3997/2214-4609.201701283},
  url = {https://doi.org/10.3997/2214-4609.201701283},
  year = 2017,
  month = 6,
  publisher = {{EAGE} Publications {BV}},
  keywords={conference,meins}
}

@inproceedings{dramsch2018deep,
  title={Deep-learning seismic facies on state-of-the-art CNN architectures},
  author={\textbf{Dramsch, Jesper S{\"o}ren} and L{\"u}thje, Mikael},
  booktitle={SEG Technical Program Expanded Abstracts 2018},
  pages={2036--2040},
  doi = {10.1190/segam2018-2996783.1},
  url = {https://doi.org/10.1190/segam2018-2996783.1},
  year = 2018,
  month = 8,
  publisher = {Society of Exploration Geophysicists},
  keywords={conference,meins}
}

@inproceedings{mosser2018rapid,
  title={Rapid seismic domain transfer: Seismic velocity inversion and modeling using deep generative neural networks},
  author={Mosser, Lukas and Kimman, Wouter and \textbf{Dramsch, Jesper S{\"o}ren} and Purves, Steve and De la Fuente Brice{\~n}o, A and Ganssle, Graham},
  booktitle={80th EAGE Conference and Exhibition 2018},
  publisher = {{EAGE} Publications {BV}},
  doi = {10.3997/2214-4609.201800734},
  url = {https://doi.org/10.3997/2214-4609.201800734},
  year = 2018,
  month = 6,
  note={\underline{not included}},
  keywords={conference,meins}
}

@inproceedings{dramsch2018information,
  title={Information Theory Considerations In Patch-Based Training Of Deep Neural Networks On Seismic Time-Series},
  author={\textbf{Dramsch, Jesper S{\"o}ren} and L{\"u}thje, Mikael},
  booktitle={First EAGE/PESGB Workshop Machine Learning},
  publisher = {{EAGE} Publications {BV}},
  doi = {10.3997/2214-4609.201803020},
  url = {https://doi.org/10.3997/2214-4609.201803020},
  month = 11,
  publisher = {{EAGE} Publications {BV}},
  year={2018},
  keywords={workshop,meins}
}

@inproceedings{dramsch2018gaussian,
  title={Gaussian Mixture Models For Robust Unsupervised Scanning-Electron Microscopy Image Segmentation Of North Sea Chalk},
  author={\textbf{Dramsch, Jesper S{\"o}ren} and Amour, Fr{\'e}d{\'e}ric and L{\"u}thje, Mikael},
  booktitle={First EAGE/PESGB Workshop Machine Learning},
  publisher = {{EAGE} Publications {BV}},
  url = {https://doi.org/10.3997/2214-4609.201803014},
  doi = {10.3997/2214-4609.201803014},
  year={2018},
  keywords={workshop,meins}
}

@inproceedings{dramsch2019deep,
  title={Deep Learning Application for 4D Pressure Saturation Inversion Compared to Bayesian Inversion on North Sea Data},
  author={\textbf{Dramsch, Jesper S{\"o}ren} and Corte, Gustavo and Amini, Hamed and L{\"u}thje, Mikael and MacBeth, Colin},
  year={2019},
  booktitle={Second EAGE Workshop Practical Reservoir Monitoring 2019},
  publisher = {{EAGE} Publications {BV}},
  keywords={workshop,meins},
  doi={10.3997/2214-4609.201900028 }
}

% Preprints


@misc{mosser2018rapidpreprint,
  title={Rapid seismic domain transfer: Seismic velocity inversion and modeling using deep generative neural networks},
  author={Mosser, Lukas and Kimman, Wouter and \textbf{Dramsch, Jesper S{\"o}ren} and Purves, Steve and De la Fuente, Alfredo and Ganssle, Graham},
  archivePrefix = {arXiv},
  eprint = {1805.08826},
  primaryClass = {geo-ph},
  year={2018},
  keywords={preprint}
}

@misc{dramsch_corte_amini_lthje_macbeth_2019_preprint,
 title={Deep Learning Application for 4D Pressure Saturation Inversion Compared to Bayesian Inversion on North Sea Data},
 url={eartharxiv.org/zytp2},
 DOI={10.31223/osf.io/zytp2},
 archivePrefix={EarthArXiv},
 eprint = {zytp2},
 primaryClass = {Geophysics and Seismology},
 author={\textbf{Dramsch, Jesper S{\"o}ren} and Corte, Gustavo and Amini, Hamed and L{\"u}thje, Mikael and MacBeth, Colin},
 year={2019},
 month=2,
 keywords={preprint}
}


% Software

@software{dramsch2018deepcode,
  author = {\textbf{Dramsch, Jesper S{\"o}ren} and L{\"u}thje, Mikael},
  title = {Deep-learning seismic facies on state-of-the-art CNN architectures. figshare},
  url = {https://doi.org/10.6084/m9.figshare.7227545},
  doi={10.6084/m9.figshare.7227545},
  date = {2018-12-15},
  note={Open-Source Software},
  keywords = {other,meins}
}

% Others

@techreport{aabo2017fracture,
  title={Fracture Characterization and Modelling in the Kraka Field},
  author={Aab{\o}, Tala Maria and Welch, Michael and \textbf{Dramsch, Jesper S{\"o}ren} and L{\"u}thje, Mikael and Seyum, Solomon and Amour, Fr{\'e}d{\'e}ric and W{\"u}rtzen, Camilla Louise},
  institution={Danish Hydrocarbon Research and Technology Centre},
  booktitle={Danish Hydrocarbon Research and Technology Centre Technology Conference 2017},
  year={2017},
  keywords={other,meins}
}



@techreport{dramsch2018cats,
  title={Deep Learning: From Cats to 4D Seismic - Reducing cycle time and model training cost in asset management},
  author={\textbf{Dramsch, Jesper S{\"o}ren} and L{\"u}thje, Mikael},
  institution={Danish Hydrocarbon Research and Technology Centre},
  booktitle={Danish Hydrocarbon Research and Technology Centre Technology Conference 2018},
  doi={10.6084/m9.figshare.7422629},
  url={https://doi.org/10.6084/m9.figshare.7422629},
  year={2018},
  keywords={other,meins}
}

@misc{dramsch_2018_kfold,
  title={KFold in Deep Learning},
  author={\textbf{Dramsch, Jesper S{\"o}ren}},
  url={https://doi.org/10.6084/m9.figshare.7035908},
  DOI={10.6084/m9.figshare.7035908},
  publisher={EuroSciPy},
  year={2018},
  note={Lightning Talk}
}