@article{dramsch20193dwarping,
  title={Deep Unsupervised 4D Seismic 3D Time-Shift Estimation with Convolutional Neural Networks},
  author={Dramsch, Jesper S{\"o}ren and Christensen, Anders Nymark and L{\"u}thje, Mikael},
  author+an = {1=highlight},
  year={2019},
  journal={IEEE Transactions in Geoscience and Remote Sensing},
  note={Submitted},
  keywords={meins}
}

@article{dramsch2019dtw,
  title={Let's do the Time Warp again! -- Revisiting Dynamic Time Warping -- A practical tutorial in Python on North Sea field data},
  author={Dramsch, Jesper S{\"o}ren and Christensen, Anders Nymark and L{\"u}thje, Mikael},
  author+an = {1=highlight},
  journal={Geophysics},
  year={2019},
  note={In Review},
  keywords={meins}
}

@article{aabo2018integrated,
  title = "An integrated workflow for fracture characterization in chalk reservoirs, applied to the Kraka Field",
  journal = "Marine and Petroleum Geology",
  volume = "112",
  pages = "104065",
  year = "2020",
  issn = "0264-8172",
  doi = "https://doi.org/10.1016/j.marpetgeo.2019.104065",
  url = "http://www.sciencedirect.com/science/article/pii/S026481721930501X",
  author={Aab{\o}, Tala Maria and Dramsch, Jesper S{\"o}ren and W{\"u}rtzen, Camilla Louise and Seyum, Solomon and Amour, Fr{\'e}d{\'e}ric and Welch, Michael and L{\"u}thje, Mikael},
  author+an = {2=highlight},
  keywords={meins},
  note={Accepted}
}

@article{dramsch2019complex,
  title={Complex-valued neural networks for machine learning on non-stationary physical data},
  author={Dramsch, Jesper S{\"o}ren and L{\"u}thje, Mikael and Christensen, Anders Nymark},
  author+an = {1=highlight},
  year={2019},
  journal={Computers \& Geoscience},
  note={In Preparation},
  keywords={meins}
}

% Proceedings


@inproceedings{aabo2017correlation,
  title={Correlation of Fractures From Core, Borehole Images and Seismic Data in a Chalk Reservoir in the Danish North Sea},
  author={Aab{\o}, Tala Maria and Dramsch, Jesper S{\"o}ren and Welch, Michael and L{\"u}thje, Mikael},
  author+an = {2=highlight},
  booktitle={79th EAGE Conference and Exhibition 2017},
  doi = {10.3997/2214-4609.201701283},
  url = {https://doi.org/10.3997/2214-4609.201701283},
  year = 2017,
  month = 6,
  publisher = {{EAGE} Publications {BV}},
  keywords={conference,meins}
}

@inproceedings{dramsch2018deep,
  title={Deep-learning seismic facies on state-of-the-art CNN architectures},
  author={Dramsch, Jesper S{\"o}ren and L{\"u}thje, Mikael},
  author+an = {1=highlight},
  booktitle={SEG Technical Program Expanded Abstracts 2018},
  pages={2036--2040},
  doi = {10.1190/segam2018-2996783.1},
  url = {https://doi.org/10.1190/segam2018-2996783.1},
  year = 2018,
  month = 8,
  publisher = {Society of Exploration Geophysicists},
  keywords={conference,meins,presentation}
}

@inproceedings{mosser2018rapid,
  title={Rapid seismic domain transfer: Seismic velocity inversion and modeling using deep generative neural networks},
  author={Mosser, Lukas and Kimman, Wouter and Dramsch, Jesper S{\"o}ren and Purves, Steve and De la Fuente Brice{\~n}o, A and Ganssle, Graham},
  author+an = {3=highlight},
  booktitle={80th EAGE Conference and Exhibition 2018},
  publisher = {{EAGE} Publications {BV}},
  doi = {10.3997/2214-4609.201800734},
  url = {https://doi.org/10.3997/2214-4609.201800734},
  year = 2018,
  month = 6,
  keywords={conference,meins,presentation}
}

@inproceedings{dramsch2018information,
  title={Information Theory Considerations In Patch-Based Training Of Deep Neural Networks On Seismic Time-Series},
  author={Dramsch, Jesper S{\"o}ren and L{\"u}thje, Mikael},
  author+an = {1=highlight},
  booktitle={First EAGE/PESGB Workshop Machine Learning},
  publisher = {{EAGE} Publications {BV}},
  doi = {10.3997/2214-4609.201803020},
  url = {https://doi.org/10.3997/2214-4609.201803020},
  month = 11,
  publisher = {{EAGE} Publications {BV}},
  year={2018},
  keywords={workshop,meins,poster}
}

@inproceedings{dramsch2018gaussian,
  title={Gaussian Mixture Models For Robust Unsupervised Scanning-Electron Microscopy Image Segmentation Of North Sea Chalk},
  author={Dramsch, Jesper S{\"o}ren and Amour, Fr{\'e}d{\'e}ric and L{\"u}thje, Mikael},
  author+an = {1=highlight},
  booktitle={First EAGE/PESGB Workshop Machine Learning},
  publisher = {{EAGE} Publications {BV}},
  url = {https://doi.org/10.3997/2214-4609.201803014},
  doi = {10.3997/2214-4609.201803014},
  year={2018},
  keywords={workshop,meins,presentation}
}

@inproceedings{dramsch2019deep,
  title={Deep Learning Application for 4D Pressure Saturation Inversion Compared to Bayesian Inversion on North Sea Data},
  author={Dramsch, Jesper S{\"o}ren and Corte, Gustavo and Amini, Hamed and L{\"u}thje, Mikael and MacBeth, Colin},
  author+an = {1=highlight},
  year={2019},
  booktitle={Second EAGE Workshop Practical Reservoir Monitoring 2019},
  publisher = {{EAGE} Publications {BV}},
  keywords={workshop,meins,presentation},
  doi={10.3997/2214-4609.201900028}
}

@inproceedings{dramsch2019including,
  title={Including Physics in Deep Learning – An Example from 4D Seismic Pressure Saturation Inversion},
  author={Dramsch, Jesper S{\"o}ren and Corte, Gustavo and Amini, Hamed and L{\"u}thje, Mikael and MacBeth, Colin},
  author+an = {1=highlight},
  year={2019},
  booktitle={81st EAGE Conference and Exhibition 2019 Workshop Programme },
  publisher = {{EAGE} Publications {BV}},
  url={https://doi.org/10.3997/2214-4609.201901967},
  doi={10.3997/2214-4609.201901967},
  keywords={workshop,oral,meins,presentation}
}

% Preprints


@misc{mosser2018rapidpreprint,
  title={Rapid seismic domain transfer: Seismic velocity inversion and modeling using deep generative neural networks},
  author={Mosser, Lukas and Kimman, Wouter and Dramsch, Jesper S{\"o}ren and Purves, Steve and De la Fuente, Alfredo and Ganssle, Graham},
  author+an = {3=highlight},
  archivePrefix = {arXiv},
  eprint = {1805.08826},
  primaryClass = {geo-ph},
  year={2018},
  keywords={preprint}
}

@misc{dramsch_corte_amini_lthje_macbeth_2019_preprint,
 title={Deep Learning Application for 4D Pressure Saturation Inversion Compared to Bayesian Inversion on North Sea Data},
 url={eartharxiv.org/zytp2},
 DOI={10.31223/osf.io/zytp2},
 archivePrefix={EarthArXiv},
 eprint = {zytp2},
 primaryClass = {Geophysics and Seismology},
 author={Dramsch, Jesper S{\"o}ren and Corte, Gustavo and Amini, Hamed and L{\"u}thje, Mikael and MacBeth, Colin},
 author+an = {1=highlight},
 year={2019},
 month=2,
 keywords={preprint}
}


% Software

@software{dramsch2018deepcode,
  author = {Dramsch, Jesper S{\"o}ren and L{\"u}thje, Mikael},
  author+an = {1=highlight},
  title = {Deep-learning seismic facies on state-of-the-art CNN architectures. figshare},
  url = {https://doi.org/10.6084/m9.figshare.7227545},
  doi={10.6084/m9.figshare.7227545},
  date = {2018-12-15},
  note={Open-Source Software},
  keywords = {other,meins,code}
}

% Others

@techreport{aabo2017fracture,
  title={Fracture Characterization and Modelling in the Kraka Field},
  author={Aab{\o}, Tala Maria and Welch, Michael and Dramsch, Jesper S{\"o}ren and L{\"u}thje, Mikael and Seyum, Solomon and Amour, Fr{\'e}d{\'e}ric and W{\"u}rtzen, Camilla Louise},
  author+an = {3=highlight},
  institution={Danish Hydrocarbon Research and Technology Centre},
  booktitle={Danish Hydrocarbon Research and Technology Centre Technology Conference 2017},
  year={2017},
  keywords={other,meins}
}



@techreport{dramsch2018cats,
  title={Deep Learning: From Cats to 4D Seismic - Reducing cycle time and model training cost in asset management},
  author={Dramsch, Jesper S{\"o}ren and L{\"u}thje, Mikael},
  author+an = {1=highlight},
  institution={Danish Hydrocarbon Research and Technology Centre},
  booktitle={Danish Hydrocarbon Research and Technology Centre Technology Conference 2018},
  doi={10.6084/m9.figshare.7422629},
  year={2018},
  keywords={other,meins,meeting,poster}
}


@misc{dramsch_christensen_lüthje_2019, 
   title={Physics and Deep Learning - Incorporating prior knowledge in deep neural networks},
   DOI={10.6084/m9.figshare.8217518.v1},
   publisher={DHRTC PhD days}, 
   author={Dramsch, Jesper S{\"o}ren and Christensen, Anders Nymark and Lüthje, Mikael}, 
   author+an = {1=highlight},
   year={2019}, 
   month={6},
   keywords={meins,meeting,poster,other}
}  

@misc{dramsch_2018_kfold,
  title={KFold in Deep Learning},
  author={Dramsch, Jesper S{\"o}ren},
  author+an = {1=highlight},
  url={https://doi.org/10.6084/m9.figshare.7035908},
  DOI={10.6084/m9.figshare.7035908},
  publisher={EuroSciPy},
  year={2018},
  note={Lightning Talk -- EuroScipy 2018},
  keywords={meeting,other,meins,presentation}
}

@misc{dramsch_2018, 
   title={A practitioner's guide to deep learning in geophysical imaging}, 
   DOI={10.6084/m9.figshare.7170299.v1}, 
   publisher={FORCE Velocity Modeling Meeting}, 
   author={Dramsch, Jesper S{\"o}ren}, 
   author+an = {1=highlight},
   year={2018}, 
   month={10},
   howpublished={FORCE Velocity Modeling Meeting}, 
   keywords={invited,presentation,other,meins}
}

@misc{dramsch_2018_eage_1, 
   title={Making sense of AI for a career in a changing industry.}, 
   publisher={EAGE Annual Meeting 2019}, 
   author={Dramsch, Jesper S{\"o}ren}, 
   author+an = {1=highlight},
   year={2019}, 
   month={6},
   howpublished={EAGE Annual Meeting 2019},
   keywords={invited,presentation,other,meins}
}

@misc{dramsch_2018_eage_electure, 
   title={Cracking Open the Black Box -- Making sense of Machine Learning and Neural Networks}, 
   publisher={EAGE E-Lecture}, 
   author={Dramsch, Jesper S{\"o}ren}, 
   author+an = {1=highlight},
   year={2019}, 
   month={11},
   howpublished={EAGE E-Lecture},
   keywords={invited,presentation,other,meins}
}

@misc{dramsch_2018_conoco, 
   title={4D Seismics in Fracture Characterization -- A machine learning perspective}, 
   author={Dramsch, Jesper S{\"o}ren}, 
   author+an = {1=highlight},
   year={2018}, 
   month={9},
   howpublished={Company Talk - ConocoPhillips},
   keywords={invited,presentation,other,meins}
}

@misc{dramsch_2017_dtu_vision, 
   title={Edge detection in 3D seismic}, 
   author={Dramsch, Jesper S{\"o}ren}, 
   author+an = {1=highlight},
   year={2017}, 
   month={5},
   howpublished={DTU Vision Day},
   keywords={invited,presentation,other,meins}
}

@misc{dramsch_2017_dhrtc_phd_day, 
   title={Edge detection in 3D seismic data}, 
   author={Dramsch, Jesper S{\"o}ren}, 
   author+an = {1=highlight},
   year={2017},
   howpublished={DHRTC PhD Day},
   keywords={other,poster,meeting,meins}
}

@misc{dramsch_2019_etlp, 
   title={Deep Learning Application for 4D Pressure Saturation Inversion Compared to Bayesian Inversion on North Sea Data}, 
   author={Dramsch, Jesper S{\"o}ren and Corte, Gustavo and Amini, Hamed and L{\"u}thje, Mikael and MacBeth, Colin}, 
   author+an = {1=highlight},
   year={2019}, 
   month={5},
   howpublished={ETLP Sponsor Meeting 2019},
   keywords={meeting,presentation,other,meins}
}


@misc{dramsch_2018_etlp_ml_primer, 
   title={A guided discussion on machine learning for 4D QI}, 
   author={MacBeth, Colin and Chassagne, Romain and Dramsch, Jesper S{\"o}ren}, 
   author+an = {3=highlight},
   year={2018}, 
   month={11},
   howpublished={ETLP Sponsor Meeting 2018},
   keywords={invited,presentation,other,meins}
}


@misc{dramsch_2018_etlp_ws, 
   title={Machine Learning Workshop}, 
   author={Dramsch, Jesper S{\"o}ren}, 
   author+an = {1=highlight},
   year={2018}, 
   month={7},
   howpublished={Heriot-Watt University, ETLP},
   keywords={invited,presentation,other,meins}
}